<?xml version="1.0" encoding="UTF-8"?><record xmlns="http://www.loc.gov/MARC21/slim" xmlns:cinclude="http://apache.org/cocoon/include/1.0" xmlns:zs="http://www.loc.gov/zing/srw/">
  <leader>00406nz  a2200121n  4500</leader>
  <controlfield tag="001">nr 00031193 </controlfield>
  <controlfield tag="003">DLC</controlfield>
  <controlfield tag="005">20001004034027.0</controlfield>
  <controlfield tag="008">001003n| acannaabn          |n aaa     c</controlfield>
  <datafield tag="010" ind1=" " ind2=" ">
    <subfield code="a">nr 00031193 </subfield>
  </datafield>
  <datafield tag="040" ind1=" " ind2=" ">
    <subfield code="a">CU-L</subfield>
    <subfield code="b">eng</subfield>
    <subfield code="c">CU-L</subfield>
  </datafield>
  <datafield tag="100" ind1="1" ind2=" ">
    <subfield code="a">Reichart, Matthias,</subfield>
    <subfield code="d">1960-</subfield>
  </datafield>
  <datafield tag="670" ind1=" " ind2=" ">
    <subfield code="a">Umweltschutz durch voĚlkerrechtliches Strafrecht, c1999:</subfield>
    <subfield code="b">t.p. (Matthias Reichart) p. 4 of cover (b. 1960. Rechtsanwalt in GoĚttingen)</subfield>
  </datafield>
</record>